<?xml version="1.0" encoding="UTF-8"?>
<record xmlns="http://www.loc.gov/MARC21/slim" xmlns:xsi="http://www.w3.org/2001/XMLSchema-instance" xsi:schemaLocation="http://www.loc.gov/MARC21/slim http://www.loc.gov/standards/marcxml/schema/MARC21slim.xsd">
<leader>00000cam a22      a 4500</leader>
<controlfield tag="001">002007215</controlfield>
<controlfield tag="003">NNU</controlfield>
<controlfield tag="005">20150611173832.0</controlfield>
<controlfield tag="008">910731s1988    ir h     b    001 0 per</controlfield>
<datafield tag="010" ind1=" " ind2=" ">
<subfield code="a">   89933366</subfield>
</datafield>
<datafield tag="035" ind1=" " ind2=" ">
<subfield code="a">(OCoLC)33298543</subfield>
<subfield code="z">(OCoLC)25185003</subfield>
<subfield code="z">(OCoLC)25688419</subfield>
<subfield code="z">(OCoLC)27112700</subfield>
</datafield>
<datafield tag="040" ind1=" " ind2=" ">
<subfield code="a">DLC</subfield>
<subfield code="b">eng</subfield>
<subfield code="c">DLC</subfield>
<subfield code="d">OCLCO</subfield>
<subfield code="d">OCLCA</subfield>
<subfield code="d">OCLCQ</subfield>
<subfield code="d">OCLCO</subfield>
<subfield code="d">NNU</subfield>
</datafield>
<datafield tag="050" ind1="0" ind2="0">
<subfield code="a">BP128.17</subfield>
<subfield code="b">.A57 1988</subfield>
</datafield>
<datafield tag="100" ind1="1" ind2=" ">
<subfield code="6">880-01</subfield>
<subfield code="a">ʻAskarī, al-Ḥasan ibn ʻAlī,</subfield>
<subfield code="d">-874.</subfield>
</datafield>
<datafield tag="245" ind1="1" ind2="3">
<subfield code="6">880-02</subfield>
<subfield code="a">al-Tafsīr :</subfield>
<subfield code="b">al-mansūb ilá al-Imām Abī Muḥammad al-Ḥasan ibn ʻAlī al-ʻAskarī /</subfield>
<subfield code="c">taḥqīq wa-nashr Madrasat al-Imām al-Mahdī.</subfield>
</datafield>
<datafield tag="246" ind1="1" ind2="8">
<subfield code="6">880-03</subfield>
<subfield code="a">al-Tafsīr al-mansūb ilá al-Imām al-ʻAskarī</subfield>
</datafield>
<datafield tag="250" ind1=" " ind2=" ">
<subfield code="6">880-04</subfield>
<subfield code="a">al-Ṭabʻah 1., al-muḥaqqaqah.</subfield>
</datafield>
<datafield tag="260" ind1=" " ind2=" ">
<subfield code="6">880-05</subfield>
<subfield code="a">Qumm :</subfield>
<subfield code="b">Muʼassasat al-Imām al-Mahdī,</subfield>
<subfield code="c">1409 [1988]</subfield>
</datafield>
<datafield tag="300" ind1=" " ind2=" ">
<subfield code="a">736 pages :</subfield>
<subfield code="b">facsimiles ;</subfield>
<subfield code="c">25 cm</subfield>
</datafield>
<datafield tag="336" ind1=" " ind2=" ">
<subfield code="a">text</subfield>
<subfield code="b">txt</subfield>
<subfield code="2">rdacontent</subfield>
</datafield>
<datafield tag="337" ind1=" " ind2=" ">
<subfield code="a">unmediated</subfield>
<subfield code="b">n</subfield>
<subfield code="2">rdamedia</subfield>
</datafield>
<datafield tag="338" ind1=" " ind2=" ">
<subfield code="a">volume</subfield>
<subfield code="b">nc</subfield>
<subfield code="2">rdacarrier</subfield>
</datafield>
<datafield tag="504" ind1=" " ind2=" ">
<subfield code="a">Includes bibliographical references and index.</subfield>
</datafield>
<datafield tag="630" ind1="0" ind2="0">
<subfield code="a">Qurʼan.</subfield>
<subfield code="p">Sūrat al-Baqarah</subfield>
<subfield code="x">Commentaries</subfield>
<subfield code="v">Early works to 1800.</subfield>
</datafield>
<datafield tag="630" ind1="0" ind2="0">
<subfield code="a">Qurʼan.</subfield>
<subfield code="p">Sūrat al-Fātiḥah</subfield>
<subfield code="x">Commentaries</subfield>
<subfield code="v">Early works to 1800.</subfield>
</datafield>
<datafield tag="710" ind1="2" ind2=" ">
<subfield code="a">Muʼassasah-ʼi al-Imām al-Mahdī</subfield>
<subfield code="6">880-06</subfield>
</datafield>
<datafield tag="740" ind1="0" ind2=" ">
<subfield code="6">880-07</subfield>
<subfield code="a">Tafsīr al-ʻAskarī</subfield>
</datafield>
<datafield tag="776" ind1="0" ind2="8">
<subfield code="i">Online version:</subfield>
<subfield code="a">ʻAskarī, al-Ḥasan ibn ʻAlī, -874.</subfield>
<subfield code="t">Tafsīr.</subfield>
<subfield code="b">al-Ṭabʻah 1., al-muḥaqqaqah.</subfield>
<subfield code="d">Qumm : Muʼassasat al-Imām al-Mahdī, 1409 [1988]</subfield>
<subfield code="w">(OCoLC)645375236</subfield>
</datafield>
<datafield tag="880" ind1="1" ind2=" ">
<subfield code="6">100-01/</subfield>
<subfield code="a">‏عسكري، الحسن بن علي،‏</subfield>
<subfield code="d">‏-874.</subfield>
</datafield>
<datafield tag="880" ind1="1" ind2="2">
<subfield code="6">245-02/</subfield>
<subfield code="a">‏التفسير، المنسوب الى الامام أبي محمد الحسن بن علي العسكري /‏</subfield>
<subfield code="c">‏تحقيق ونشر مدرسة الامام المهدي.</subfield>
</datafield>
<datafield tag="880" ind1="1" ind2="8">
<subfield code="6">246-03/</subfield>
<subfield code="a">‏تفسير المنسوب الى الامام العسكري</subfield>
</datafield>
<datafield tag="880" ind1=" " ind2=" ">
<subfield code="6">250-04/</subfield>
<subfield code="a">‏الطبعة 1.، المحققة.</subfield>
</datafield>
<datafield tag="880" ind1=" " ind2=" ">
<subfield code="6">260-05/</subfield>
<subfield code="a">‏قم :‏</subfield>
<subfield code="b">‏مؤسسة الامام المهدي،‏</subfield>
<subfield code="c">‏‪[1988] 1409.</subfield>
</datafield>
<datafield tag="880" ind1="2" ind2=" ">
<subfield code="6">710-06/</subfield>
<subfield code="a">‏مؤسسۀ الامام المهدى.</subfield>
</datafield>
<datafield tag="880" ind1="0" ind2=" ">
<subfield code="6">740-07/</subfield>
<subfield code="a">‏تفسير العسكري.</subfield>
</datafield>
<datafield tag="OWN" ind1=" " ind2=" ">
<subfield code="a">GENERAL</subfield>
</datafield>
<datafield tag="AVA" ind1=" " ind2=" ">
<subfield code="a">NYU50</subfield>
<subfield code="b">BOBST</subfield>
<subfield code="c">Main Collection</subfield>
<subfield code="d">BP130.4 .A832 1988</subfield>
<subfield code="e">unavailable</subfield>
<subfield code="t">Unavailable</subfield>
<subfield code="f">1</subfield>
<subfield code="g">1</subfield>
<subfield code="h">N</subfield>
<subfield code="i">0</subfield>
<subfield code="j">MAIN</subfield>
<subfield code="k">0</subfield>
</datafield>
</record>
